<?xml version="1.0" encoding="UTF-8"?><record xmlns="http://www.loc.gov/MARC21/slim" xmlns:cinclude="http://apache.org/cocoon/include/1.0" xmlns:zs="http://www.loc.gov/zing/srw/">
  <leader>00741cz  a2200145n  4500</leader>
  <controlfield tag="001">n 2001028382</controlfield>
  <controlfield tag="003">DLC</controlfield>
  <controlfield tag="005">20130320075959.0</controlfield>
  <controlfield tag="008">010130n| azannaabn          |a aaa      </controlfield>
  <datafield tag="010" ind1=" " ind2=" ">
    <subfield code="a">n 2001028382</subfield>
  </datafield>
  <datafield tag="040" ind1=" " ind2=" ">
    <subfield code="a">DLC</subfield>
    <subfield code="b">eng</subfield>
    <subfield code="e">rda</subfield>
    <subfield code="c">DLC</subfield>
    <subfield code="d">DLC</subfield>
  </datafield>
  <datafield tag="100" ind1="1" ind2=" ">
    <subfield code="a">Burt, John Spencer,</subfield>
    <subfield code="d">1834-</subfield>
    <subfield code="t">Past and present of Marshall and Putnam Counties, Illinois</subfield>
  </datafield>
  <datafield tag="400" ind1="1" ind2=" ">
    <subfield code="w">nnea</subfield>
    <subfield code="a">Burt, John Spencer,</subfield>
    <subfield code="d">b. 1834.</subfield>
    <subfield code="t">Past and present of Marshall and Putnam Counties, Illinois</subfield>
  </datafield>
  <datafield tag="670" ind1=" " ind2=" ">
    <subfield code="a">Burger, Jean. Past and present of Marshall and Putnam Counties, Illinois, by John Spencer Burt and W.E. Hawthorne, The Pioneer Publishing Co., Chicago, 1907, c1988</subfield>
  </datafield>
  <datafield tag="670" ind1=" " ind2=" ">
    <subfield code="a">OCoLC 42044233</subfield>
    <subfield code="b">(hdg.: Burt, John Spencer, b. 1834. Past and present of Marshall and Putnam Counties, Illinois)</subfield>
  </datafield>
</record>